<record><leader>00000cas a22000007a 4500</leader><controlfield tag="001">10714643</controlfield><controlfield tag="008">840510c18809999wiucr ne      0   a0eng d</controlfield><datafield ind1=" " ind2=" " tag="010"><subfield code="a">sn 84024419 </subfield></datafield><datafield ind1=" " ind2=" " tag="040"><subfield code="a">NPV</subfield><subfield code="b">eng</subfield><subfield code="c">NPV</subfield><subfield code="d">NVF</subfield><subfield code="d">OCLCQ</subfield></datafield><datafield ind1=" " ind2=" " tag="042"><subfield code="a">msc</subfield></datafield><datafield ind1="0" ind2="0" tag="245"><subfield code="a">Kaukauna times.</subfield></datafield><datafield ind1=" " ind2=" " tag="260"><subfield code="a">Kaukauna, Outagamie County, Wis. :</subfield><subfield code="b">Hopkins &amp; Cates,</subfield><subfield code="c">1880-</subfield></datafield><datafield ind1=" " ind2=" " tag="300"><subfield code="a">v.</subfield></datafield><datafield ind1=" " ind2=" " tag="310"><subfield code="a">Semiweekly,</subfield><subfield code="b">&lt;1926&gt;-</subfield></datafield><datafield ind1=" " ind2=" " tag="321"><subfield code="a">Weekly,</subfield><subfield code="b">1880-1926</subfield></datafield><datafield ind1="0" ind2=" " tag="362"><subfield code="a">Vol. 1, no. 1 (Sept. 16, 1880)-</subfield></datafield><datafield ind1=" " ind2="4" tag="651"><subfield code="a">Kaukauna (Wis.)</subfield><subfield code="v">Newspapers.</subfield></datafield><datafield ind1=" " ind2=" " tag="752"><subfield code="a">United States</subfield><subfield code="b">Wisconsin</subfield><subfield code="c">Outagamie</subfield><subfield code="d">Kaukauna.</subfield></datafield><datafield ind1="0" ind2="5" tag="780"><subfield code="t">Kaukauna sun</subfield><subfield code="w">(DLC)sn 85040300</subfield></datafield></record>